<?xml version = "1.0" encoding = "UTF-8"?>
<x_server_response metalib_version="4.3.1 (602)">
<present_response>
<record xmlns="http://www.loc.gov/MARC21/slim"
xmlns:xsi="http://www.w3.org/2001/XMLSchema-instance"
xsi:schemaLocation="http://www.loc.gov/MARC21/slim
http://www.loc.gov/standards/marcxml/schema/MARC21slim.xsd">
<controlfield tag="001">1992-97145-009</controlfield>
<datafield tag="245" ind1="1" ind2="0">
<subfield code="a">Freud on women.</subfield>
</datafield>
<datafield tag="513" ind1=" " ind2=" ">
<subfield code="a">Print</subfield>
</datafield>
<datafield tag="520" ind1=" " ind2=" ">
<subfield code="a">describe a number of implicit axes that differentiate [women in clinical cases and vignettes in S. Freud's writings] / suggest some glaring limitations--to use Freud's word, scotomas--in Freud's account / distinguish five approaches to women as subjects in Freud's writings, first, theoretical woman in the developmental theory; second, clinical woman; third, woman as subject-object--theoretical and clinical woman as she herself internally represents and experiences woman as object; fourth, women as they are socially and historically located; and fifth, women as creators of psychoanalytic technique and understanding (PsycINFO Database Record (c) 2009 APA, all rights reserved)</subfield>
<subfield code="b"> from the chapter</subfield>
</datafield>
<datafield tag="527" ind1=" " ind2=" ">
<subfield code="a">Psychology: Professional &amp; Research</subfield>
<subfield code="b">PS</subfield>
</datafield>
<datafield tag="546" ind1=" " ind2=" ">
<subfield code="a">English</subfield>
</datafield>
<datafield tag="513" ind1=" " ind2=" ">
<subfield code="a">Book</subfield>
</datafield>
<datafield tag="513" ind1=" " ind2=" ">
<subfield code="a">Edited Book</subfield>
</datafield>
<datafield tag="260" ind1=" " ind2=" ">
<subfield code="a">New York, NY, US</subfield>
<subfield code="b">Cambridge University Press</subfield>
</datafield>
<controlfield tag="LDR">^^^^^naa^^2200397^^^4500</controlfield>
<controlfield tag="005">19910101</controlfield>
<controlfield tag="008">^^^^^^^1991^^^^^^^^^^^^^^^^^^^^^^^^Eng^^^</controlfield>
<datafield tag="020" ind1=" " ind2=" ">
<subfield code="a">0-521-37424-3</subfield>
<subfield code="b">hardcover</subfield>
</datafield>
<datafield tag="020" ind1=" " ind2=" ">
<subfield code="a">0-521-37779-X</subfield>
<subfield code="b">paperback</subfield>
</datafield>
<datafield tag="045" ind1=" " ind2=" ">
<subfield code="a">19920901</subfield>
</datafield>
<datafield tag="072" ind1=" " ind2=" ">
<subfield code="a">Psychoanalytic Theory</subfield>
<subfield code="b">3143</subfield>
</datafield>
<datafield tag="100" ind1="1" ind2="0">
<subfield code="a">Chodorow, Nancy J.</subfield>
</datafield>
<datafield tag="300" ind1=" " ind2=" ">
<subfield code="a">ix, 356</subfield>
</datafield>
<datafield tag="361" ind1=" " ind2=" ">
<subfield code="a">1991</subfield>
</datafield>
<datafield tag="490" ind1=" " ind2=" ">
<subfield code="a">Cambridge companions to philosophy</subfield>
</datafield>
<datafield tag="ASU" ind1=" " ind2=" ">
<subfield code="a">Human</subfield>
</datafield>
<datafield tag="ASU" ind1=" " ind2=" ">
<subfield code="a">Female</subfield>
</datafield>
<datafield tag="ASU" ind1=" " ind2=" ">
<subfield code="a">discusses S. Freud's views on women</subfield>
</datafield>
<datafield tag="654" ind1=" " ind2=" ">
<subfield code="a">Freud (Sigmund)</subfield>
</datafield>
<datafield tag="654" ind1=" " ind2=" ">
<subfield code="a">Human Females</subfield>
</datafield>
<datafield tag="654" ind1=" " ind2=" ">
<subfield code="a">Psychoanalytic Theory</subfield>
</datafield>
<datafield tag="656" ind1=" " ind2=" ">
<subfield code="a">Chapter</subfield>
</datafield>
<datafield tag="700" ind1="1" ind2="0">
<subfield code="a">Chodorow, Nancy J.</subfield>
<subfield code="d">U California, Professor of Sociology, Berkeley, CA, US</subfield>
</datafield>
<datafield tag="702" ind1=" " ind2=" ">
<subfield code="a">Neu, Jerome</subfield>
<subfield code="b"> (Ed.)</subfield>
</datafield>
<datafield tag="771" ind1=" " ind2=" ">
<subfield code="a">The Cambridge companion to Freud.</subfield>
</datafield>
<datafield tag="945" ind1=" " ind2=" ">
<subfield code="d">1991</subfield>
<subfield code="p">224</subfield>
</datafield>
<datafield tag="SID" ind1=" " ind2=" ">
<subfield code="a">Z39</subfield>
<subfield code="b">EBSCO_PSYH</subfield>
<subfield code="d">CAL12171</subfield>
<subfield code="i">491895</subfield>
<subfield code="j">000005</subfield>
<subfield code="s">045862</subfield>
<subfield code="t">PsycInfo</subfield>
</datafield>
<controlfield tag="RAN">096</controlfield>
<datafield tag="YR " ind1=" " ind2=" ">
<subfield code="a">1991</subfield>
</datafield>
<datafield tag="773" ind1=" " ind2=" ">
<subfield code="b">1991</subfield>
<subfield code="g">224-248</subfield>
</datafield>
<controlfield tag="SET">045862</controlfield>
<controlfield tag="SYS">077289325</controlfield>
<openURL>
<ctx:context-objects xmlns:ctx="info:ofi/fmt:xml:xsd:ctx" xmlns:xsi="http://www.w3.org/2001/XMLSchema-instance" xsi:schemaLocation="info:ofi/fmt:xml:xsd:ctx http://www.openurl.info/registry/docs/info:ofi/fmt:xml:xsd:ctx">
<ctx:context-object timestamp="2002-06-14T12:13:00Z" version="Z39.88-2004" identifier="125">
<ctx:referent>
<ctx:metadata-by-val>
<ctx:format>info:ofi/fmt:xml:xsd:book</ctx:format>
<ctx:metadata>
<rft:book xmlns:rft="info:ofi/fmt:xml:xsd:book" xsi:schemaLocation= "info:ofi/fmt:xml:xsd:book http://www.openurl.info/registry/docs/info:ofi/fmt:xml:xsd:book">
<rft:authors>
<rft:author>
<rft:aulast>Chodorow</rft:aulast>
<rft:aufirst> Nancy J</rft:aufirst>
<rft:auinit></rft:auinit>
</rft:author>
</rft:authors>
<rft:title>Freud on women.</rft:title>
<rft:btitle></rft:btitle>
<rft:date>1991</rft:date>
<rft:pub></rft:pub>
<rft:place></rft:place>
<rft:isbn>0-521-37424-3</rft:isbn>
<rft:genre></rft:genre>
<rft:edition></rft:edition>
<ctx:identifier>info:doi/</ctx:identifier>
<rft:sici></rft:sici>
<rft:opid></rft:opid>
</rft:book>
</ctx:metadata>
</ctx:metadata-by-val>
<ctx:metadata-by-ref>
<ctx:format></ctx:format>
<ctx:location>http://metalib.calstate.edu:8331/X?OP=sfx-get-doc&amp;doc-number=077289325</ctx:location>
</ctx:metadata-by-ref>
</ctx:referent>
<ctx:referrer>
<ctx:identifier>info:sid/metalib.com:EBSCO_PSYH</ctx:identifier>
</ctx:referrer>
</ctx:context-object>
</ctx:context-objects>
</openURL>
</record>
<session_id new_session="N">7S29PN2P7YE9PATIFB8NH1DEVEQEB6V4UT9P9P8U3CQTKIXEFC</session_id>
</present_response>
</x_server_response>
 